@misc{stream,
 author         ="John D. McCalpin",
 title          ="STREAM: Sustainable Memory Bandwidth in High Performance Computers",
 publisher       ="University of Virginia",
 year           ="2013",
 url={https://www.cs.virginia.edu/stream/},
}

@misc{intel_5650,
 author         ="Intel Corporation",
 title          ="Intel\textsuperscript{\textregistered} Xeon\textsuperscript{\textregistered} Processor X5650 Specifications",
  year           ="2015",
 url            ={http://ark.intel.com/products/47922/Intel-Xeon-Processor-X5650-12M-Cache-2_66-GHz-6_40-GTs-Intel-QPI},
}

@misc{intel_i7,
 author         ="Intel Corporation",
 title          ="Intel\textsuperscript{\textregistered} Core\textsuperscript{TM} i7-3635QM Processor 
Specifications",
  year           ="2015",
 url            ={http://ark.intel.com/products/71460/Intel-Core-i7-3635QM-Processor-6M-Cache-up-to-3_40-GHz}
 }

@misc{intel_intrinsics,
 author ="Intel Corporation",
 title  ="Intel\textsuperscript{\textregistered} Intrinsics Guide",
 url    ={https://software.intel.com/sites/landingpage/IntrinsicsGuide/},
}

@misc{agner,
 author ="Agner Fog",
 title  ="Lists of instruction latencies, throughputs and micro-operation breakdowns for Intel, AMD and VIA CPU's",
 year="2014",
 month="12",
 url    ={http://www.agner.org/optimize/instruction_tables.pdf},
}

@misc{papi,
 author ="Innovative Computing Laboratory -- University of Tennessee Department of Electrical Engineering and Computer Science",
 title  ="PAPI - Performance Application Programming Interface",
 url    ={http://icl.cs.utk.edu/papi/},
}

@misc{source,
 author         ="Filipe Oliveira, SÃ©rgio Caldas",
 url={https://github.com/filipecosta90/AA_Project},
}